@article{Raxml14,
	Author = {Stamatakis, A.},
	Journal = {Bioinformatics},
	Month = {May},
	Number = {9},
	Pages = {1312--1313},
	Title = {{RAxML} version 8: a tool for phylogenetic analysis and post-analysis of large phylogenies},
	Volume = {30},
	Year = {2014}}
	
@article{Indelible09,
	Author = {Fletcher, W. and Yang, Z.},
	Journal = {Mol. Biol. Evol.},
	Month = {Aug},
	Number = {8},
	Pages = {1879--1888},
	Title = {{{INDELible}: a flexible simulator of biological sequence evolution}},
	Volume = {26},
	Year = {2009}}
	
@article{BEAST,
	Author = {Drummond, A.~J. and Rambaut, A.},
	Journal = {BMC Evol. Biol.},
	Pages = {214},
	Title = {{BEAST}: {Bayesian} evolutionary analysis by sampling trees},
	Volume = {7},
	Year = {2007}}
	
@article{HKY85,
	Author = {Hasegawa, M. and Kishino, H. and Yano, T.},
	Journal = {Journal of Molecular Evolution},
	Number = {2},
	Pages = {160--174},
	Title = {Dating of the human-ape splitting by a molecular clock of mitochondrial {DNA}},
	Volume = {22},
	Year = {1985}}
	
@article{APE,
	Author = {Paradis, E. and Claude, J. and Strimmer, K.},
	Journal = {Bioinformatics},
	Number = {2},
	Pages = {289--290},
	Publisher = {Oxford Univ Press},
	Title = {{APE}: analyses of phylogenetics and evolution in {R} language},
	Volume = {20},
	Year = {2004}}
	
@article{FastTree10,
	Author = {Price, M.~N. and Dehal, P.~S. and Arkin, A.~P.},
	Journal = {PloS one},
	Number = {3},
	Pages = {e9490},
	Title = {FastTree 2--approximately maximum-likelihood trees for large alignments},
	Volume = {5},
	Year = {2010}}
	
@article{Felsenstein81,
	Author = {Felsenstein, J.},
	Journal = {Journal of Molecular Evolution},
	Title = {Evolutionary trees from {DNA} sequences: a maximum likelihood approach},
	Volume = {17},
	Year = {1981},
	Pages = {368--376}}
	
@article{TipDates,
	Author = {Rambaut, A.},
	Title = {Estimating the rate of molecular evolution: incorporating 
non-contemporaneous sequences into maximum likelihood phylogenies},
	Journal = {Bioinformatics},
	Volume = {16},
	Number = {4},
	Year = {2000},
	Pages = {395--399}}
	
@article{Tempest,
	Author = {Rambaut, A. and Lam, T. T., and Carvalho, L. M. and Pybus, O. G.},
	Title = {Exploring the temporal structure of heterochronous sequences using {TempEst} (formerly {Path-O-Gen})},
	Journal = {Virus Evolution},
	Volume = {2},
	Year = {2016},
	Pages = {vew007}}
	
@article{NELSI,
	Author = {Ho, S. Y. W. and Duchene, D. and Duchene, S.},
	Journal = {Molecular Ecology Resources},
	Pages = {688--696},
	Title = {Simulating and detecting autocorrelation of molecular evolutionary rates among lineages},
	Volume = {15},
	Year = {2015}
	}
	
@article{TreeSim,
	Author = {Stadler, T},
	Journal = {R package version 2.2},
	Title = {TreeSim: Simulating Phylogenetic Trees},
	Year = {2015}}